@article{lovelace2010complexity,
	title={On the complexity of scheduling university courses},
	author={Lovelace, April L},
	year={2010}
}